% This file was created with JabRef 2.7b.
% Encoding: UTF-8

@ARTICLE{JiangEtAl13,
  author = {B. Jiang, M. F. Valstar, B. Martinez and M. Pantic},
  title = {A Dynamic Appearance Descriptor Approach to Facial Actions Temporal
	Modelling},
  journal = {IEEE Transactions on Cybernetics},
  year = {2014},
  volume = {44},
  pages = {161--174},
  number = {2},
  owner = {mojdeh},
  timestamp = {2015.06.11}
}

@ARTICLE{zhao2012rotation,
  author = {Zhao, Guoying and Ahonen, Timo and Matas, Ji{\v{r}}{\'\i} and Pietik{\"a}inen,
	Matti},
  title = {Rotation-invariant image and video description with local binary
	pattern features},
  journal = {Image Processing, IEEE Transactions on},
  year = {2012},
  volume = {21},
  pages = {1465--1477},
  number = {4},
  owner = {mojdeh},
  publisher = {IEEE},
  timestamp = {2015.06.11}
}

@ARTICLE{zhao2007dynamic,
  author = {Zhao, Guoying and Pietikainen, Matti},
  title = {Dynamic texture recognition using local binary patterns with an application
	to facial expressions},
  journal = {Pattern Analysis and Machine Intelligence, IEEE Transactions on},
  year = {2007},
  volume = {29},
  pages = {915--928},
  number = {6},
  owner = {mojdeh},
  publisher = {IEEE},
  timestamp = {2015.06.11}
}

@Article{celebi2013comparative,
  Title                    = {A comparative study of efficient initialization methods for the k-means clustering algorithm},
  Author                   = {Celebi, M Emre and Kingravi, Hassan A and Vela, Patricio A},
  Journal                  = {Expert Systems with Applications},
  Year                     = {2013},
  Number                   = {1},
  Pages                    = {200--210},
  Volume                   = {40},

  Publisher                = {Elsevier}
}

@InProceedings{arthur2007k,
  Title                    = {k-means++: The advantages of careful seeding},
  Author                   = {Arthur, David and Vassilvitskii, Sergei},
  Booktitle                = {Proceedings of the eighteenth annual ACM-SIAM symposium on Discrete algorithms},
  Year                     = {2007},
  Organization             = {Society for Industrial and Applied Mathematics},
  Pages                    = {1027--1035}
}

@article{ojala2002multiresolution,
  title={Multiresolution gray-scale and rotation invariant texture classification with local binary patterns},
  author={Ojala, Timo and Pietik{\"a}inen, Matti and M{\"a}enp{\"a}{\"a}, Topi},
  journal={Pattern Analysis and Machine Intelligence, IEEE Transactions on},
  volume={24},
  number={7},
  pages={971--987},
  year={2002},
  publisher={IEEE}
}

@article{Wild2004,
	title={Global prevalence of diabetes estimates for the year 2000 and projections for 2030},
	author={Wild, S. and Roglic, G. and Green, A. and Sicree, R. and King, H.},
	journal={Diabetes Care},
	volume={27},
  	number={5},
  	pages={1047--1053},
  	year={2004}
}

@article{Trucco2013,
	title={Validation retinal fundus image analysis algorithms: issues and proposal},
	author={Trucco, E. and Ruggeri, A. and Karnowski, T. and Giancardo, L. and Chaum, E. and Hubschman, J.P. and al-Diri, B. and Cheung, C.Y. and Wong, D. and Abramoff, M. and Lim, G. and Kumar, D. and Burlina, P. and Bressler, N. M. and Jelinek, H. F. and Meriaudeau, F. and Quellec, G. and MacGillivray, T. and Dhillon, B.},
	journal={Investigative Ophthalmology \& Visual Science},
	volume={54},
  	number={5},
  	pages={3546--3569},
  	year={2013}
}

@article{Abramoff2010,
	title={Retinal image analysis: a review},
	author={Abramoff, M. D. and  Garvin, M. K. and Sonka, M.},
	journal={IEEE Review Biomed. Eng.},
	volume={3},
  	pages={169--208},
  	year={2010}
}


@ARTICLE{breiman2001random,
  author = {Breiman, Leo},
  title = {Random forests},
  journal = {Machine learning},
  year = {2001},
  volume = {45},
  pages = {5--32},
  number = {1},
  publisher = {Springer}
}

@inproceedings{buades2005non,
  title={A non-local algorithm for image denoising},
  author={Buades, Antoni and Coll, Bartomeu and Morel, Jean-Michel},
  booktitle={Computer Vision and Pattern Recognition, 2005. CVPR 2005. IEEE Computer Society Conference on},
  volume={2},
  pages={60--65},
  year={2005},
  organization={IEEE}
}

@article{Sharma2005,
	title={The impact of diabetic retinopathy on health-related quality of life},
	author={Sharma, S. and Oliver-Hernandez, A. and Liu, W. and Walt, J.},
	journal={Curr. Opin. Ophtalmol.},
	volume={16},
  	pages={155--159},
  	year={2005}
}

@article{ETDRSG1985,
	title={Photocoagulation for diabetic macular edema: early treatment diabetic retinopathy study report no 1},
	author={{Early Treatment Diabetic Retinopathy Study Group}},
	journal={Arch. Ophtalmol.},
	volume={103},
    number={12},
  	pages={1796--1806},
  	year={1985}
}

@article{Kafieh2013,
	title={Intra-retinal layer segmentation of 3d optical coherence tomography using coarse grained diffusion map},
	author={Kafieh, R. and Rabbani, H. and Abramoff, M. D. and Sonka, M.},
	journal={Medical Image Analysis},
	volume={17},
  	pages={907--928},
  	year={2013}
}

@article{Chen2005,
	title={Spectral domain optical coherence tomography: ultra-high speed, ultra-high resolution ophtalmic imaging},
	author={Chen, T. C. and Cense, B. and Pierce, M. C. and Nassif, N. and Park, B. H. and Yun, S. H. and White, B. R. and Bouma, B. E. and Tearney, G. J. and {de Boer}, J. F.},
	journal={Arch. Ophtalmol.},
	volume={123},
    number={12},
  	pages={1715--1720},
  	year={2005}
}


@article{Quellec2010,
	title={Three-dimensional analysis of retinal layer texture: identification of fluid-filled regions in SD-OCT of the macula},
	author={Quellec, G. and Lee, K. and Dolejsi, M. and Garvin, M. K. and Abramoff, M. D. and Sonka, M.},
	journal={IEEE Trans. on Medical Imaging},
	volume={29},
  	pages={1321--1330},
  	year={2010}
}

@article{Srinivasan2014,
	title={Fully automated detection of diabetic macular edema and dry age-related macular degeneration from optical coherence tomography images},
	author={Srinivasan, P. P. and Kim, L. A. and Metttu, P. S. and Cousins, S. W. and Comer, G. M. and Izatt, J. A. and Farsiu, S.},
	journal={Biomedical Optical Express},
	volume={5},
    number={10},
  	pages={3568--3577},
  	year={2014}
}

@article{Chiu2010,
	title={Automatic segmentation of seven retinal layers in SD-OCT images congruent with expert manual segmentation},
	author={Chiu, S. J. and Li, X. T. and Nicholas, P. and Toth, C. A. and Izatt, J. A. and Farsiu, S.},
	journal={Optic Express},
	volume={18},
    number={18},
  	pages={19413--19428},
  	year={2010}
}

@inproceedings{Venhuizen2015,
  title={Automated age-related macular degeneration classification in OCT using unsupervised feature learning},
  author={Venhuizen, F. G. and van Ginneken, B. and Bloemen, B. and van Grisven, M. J. P. P. and Philipsen, R. and Hoyng. C. and Theelen, T. and Sanchez, C. I.},
  booktitle={SPIE Medical Imaging},
  volume={9414},
  pages={94141l},
  year={2015}
}

@article{Liu2011,
	title={Automated macular pathology diagnosis in retinal OCT images using multi-scale spatial pyramid and local binary patterns in texture and shape encoding},
	author={Liu, Y-Y. and Chen, M. and Ishikawa, H. and Wollstein, G. and Schuman, J. S. and Rehg. J. M.},
	journal={Medical Image Analysis},
	volume={15},
  	pages={748--759},
  	year={2011}
}

@inproceedings{Sivic2003,
  title={Video Google: a text retrieva approach to object matching in videos},
  author={Sivic, J. and Zisserman, A.},
  booktitle={IEEE ICCV},
  pages={1470--1477},
  year={2003}
}

@article{schmitt1999speckle,
  title={Speckle in optical coherence tomography},
  author={Schmitt, Joseph M and Xiang, SH and Yung, Kin M},
  journal={Journal of biomedical optics},
  volume={4},
  number={1},
  pages={95--105},
  year={1999},
  publisher={International Society for Optics and Photonics}
}

% 19482578 
@Article{Coupe2009,
   Author="Coupe, P.  and Hellier, P.  and Kervrann, C.  and Barillot, C. ",
   Title="{{N}onlocal means-based speckle filtering for ultrasound images}",
   Journal="IEEE Trans Image Process",
   Year="2009",
   Volume="18",
   Number="10",
   Pages="2221--2229",
   Month="Oct"
}

@comment{jabref-meta: selector_publisher:}

@comment{jabref-meta: selector_author:}

@comment{jabref-meta: selector_journal:}

@comment{jabref-meta: selector_keywords:}